@article{hayashi2009role,
  title={A role of the heme-7-propionate side chain in cytochrome P450cam as a gate for regulating the access of water molecules to the substrate-binding site},
  author={Hayashi, Takashi and Harada, Katsuyoshi and Sakurai, Keisuke and Shimada, Hideo and Hirota, Shun},
  journal={Journal of the American Chemical Society},
  volume={131},
  number={4},
  pages={1398--1400},
  year={2009},
  publisher={ACS Publications}
}
