@article{Avula2014,
abstract = {Ceramide代谢综述},
archivePrefix = {arXiv},
arxivId = {NIHMS150003},
author = {Avula},
doi = {10.1039/b717196j.The},
eprint = {NIHMS150003},
file = {:home/pat/heme-binding/papersdownloaded1sep2021/heme-c-proteins.pdf:pdf},
isbn = {6176321972},
issn = {15378276},
journal = {Bone},
keywords = {epiblast,gfp fusion,histone h2b-,icm,lineage specification,live imaging,mouse blastocyst,pdgfr $\alpha$,primitive endoderm},
number = {1},
pages = {1--7},
pmid = {1000000221},
title = {{基因的改变NIH Public Access}},
url = {https://www.ncbi.nlm.nih.gov/pmc/articles/PMC3624763/pdf/nihms412728.pdf},
volume = {23},
year = {2014}
}
