@misc{Finnerty_hemebinding_2021,
	author = {Finnerty, Patrick},
	month = {9},
	title = {{heme-binding}},
	url = {https://github.com/patimus-prime/heme-binding.git},
	year = {2021}
}